% Encoding: UTF-8

@Article{barr1994,
  author  = {Barron, Andrew},
  title   = {{[Neural Networks: A Review from Statistical Perspective]: Comment}},
  journal = {Statistical Science},
  year    = {1994},
  volume  = {9},
  number  = {1},
  pages   = {2-30},
  month   = feb,
}

@Article{cheng1994,
  author  = {Cheng, Bing and Titterington, D. M.},
  title   = {{Neural Networks: A Review from Statistical Perspective}},
  journal = {Statistical Science},
  year    = {1994},
  volume  = {9},
  number  = {1},
  pages   = {2-30},
  month   = feb,
}

@PhdThesis{mann1999,
  author = {Mann, Iain},
  title  = {{An Investigation of Nonlinear Speech Synthesis and Pitch Modification Techniques}},
  school = {The University of Edinburgh},
  year   = {1999},
}

@Article{fried1981,
  author  = {Friedman, J. H. and Stuetzle, W.},
  title   = {{Projection Pursuit Regression}},
  journal = {Journal of American Statistical Association},
  year    = {1981},
}

@InProceedings{lowe1991,
  author    = {Lowe, D.},
  title     = {{On the Statistical Inversion of RBF Networks: a Statistical Interpretation}},
  booktitle = {Second IEE International Conference on Artificial Neural Networks},
  year      = {1991},
}

@Article{zhang1992,
  author  = {Zhang, D. and Benveniste, A.},
  title   = {{Wavelet Networks}},
  journal = {IEEE Trans. Neural Networks},
  year    = {1992},
}

@Article{chen1994,
  author  = {D. S. Chen and R. C. Jain},
  title   = {A robust backpropagation learning algorithm for function approximation},
  journal = {IEEE Transactions on Neural Networks},
  year    = {1994},
  volume  = {5},
  number  = {3},
  pages   = {467-479},
  month   = {May},
  issn    = {1045-9227},
  doi     = {10.1109/72.286917},
}

@Book{haya2000,
  title     = {Econometrics},
  publisher = {Princeton University Press},
  year      = {2000},
  author    = {Fumio Hayashi},
}

@Article{zhang2004,
  author   = {Xi Min Zhang and Yan Qiu Chen and Nirwan Ansari and Yun Q. Shi},
  title    = {Mini-max initialization for function approximation},
  journal  = {Neurocomputing},
  year     = {2004},
  volume   = {57},
  pages    = {389 - 409},
  issn     = {0925-2312},
  note     = {New Aspects in Neurocomputing: 10th European Symposium on Artificial Neural Networks 2002},
  doi      = {https://doi.org/10.1016/j.neucom.2003.10.014},
  keywords = {Extrema equivalence, Random initialization, Mini-max initialization, Promising area, Chessboard initialization},
  url      = {http://www.sciencedirect.com/science/article/pii/S0925231203005228},
}

@Book{du2014,
  title     = {{Neural Networks and Statistical Learning}},
  publisher = {Springer, London},
  year      = {2014},
  author    = {Du, KL. and Swamy, M.N.S.},
}

@Article{berg2012,
  author  = {Bergstra, James and Bengio, Yoshua},
  title   = {Random search for hyper-parameter optimization},
  journal = {Journal of Machine Learning Research},
  year    = {2012},
  volume  = {13},
  number  = {Feb},
  pages   = {281--305},
}

@InProceedings{died2015,
  author    = {Kingma, P., Diederik and Ba, Lie, Jimmy},
  title     = {{Adam: A Method for Stochastic Optimization}},
  booktitle = {ICLR 2015},
  year      = {2015},
}

@Article{gema1992,
  author = {Stuart Geman and Elie Bienenstock and Ren√© Doursat},
  title  = {Neural Networks and the Bias/Variance Dilemma},
  year   = {1992},
  volume = {4},
  pages  = {1-58},
  issn   = {0899-7667},
  doi    = {10.1162/neco.1992.4.1.1},
}

@Article{kraw2016,
  author    = {Krawczyk, Bartosz},
  title     = {Learning from imbalanced data: open challenges and future directions},
  journal   = {Progress in Artificial Intelligence},
  year      = {2016},
  volume    = {5},
  number    = {4},
  pages     = {221--232},
  publisher = {Springer},
}

@Article{geen2011,
  author    = {Geenens, Gery and others},
  title     = {Curse of dimensionality and related issues in nonparametric functional regression},
  journal   = {Statistics Surveys},
  year      = {2011},
  volume    = {5},
  pages     = {30--43},
  publisher = {The author, under a Creative Commons Attribution License},
}

@Article{khom2007,
  author   = {S. {Khomfoi} and L. M. {Tolbert}},
  title    = {Fault Diagnostic System for a Multilevel Inverter Using a Neural Network},
  journal  = {IEEE Transactions on Power Electronics},
  year     = {2007},
  volume   = {22},
  number   = {3},
  pages    = {1062--1069},
  month    = may,
  issn     = {0885-8993},
  doi      = {10.1109/TPEL.2007.897128},
  keywords = {fault location, invertors, multilayer perceptrons, power engineering computing, fault diagnostic system, neural network classification, multilevel inverter drive systems, switching devices, multilayer perceptron network, fault location, output voltage measurement, Neural networks, Circuit faults, Pulse width modulation inverters, Fault diagnosis, Fault detection, Induction motors, Power system protection, Switches, Voltage, Power system reliability, Diagnostic system, fault diagnosis, multilevel inverter drive (MLID), neural network},
}

@Article{hieb2017,
  author = {Schmidt-Hieber, Johannes},
  title  = {Nonparametric regression using deep neural networks with ReLU activation function},
  year   = {2017},
  month  = {08},
}

@Article{hou2016,
  author  = {Hou, Le and Samaras, Dimitris and Kurc, Tahsin M and Gao, Yi and Saltz, Joel H},
  title   = {Neural networks with smooth adaptive activation functions for regression},
  journal = {arXiv preprint arXiv:1608.06557},
  year    = {2016},
}

@Article{arul2003,
  author        = {Arulampalam, Ganesh and Bouzerdoum, Abdesselam},
  title         = {A generalized feedforward neural network architecture for classification and regression},
  journal       = {Neural networks},
  year          = {2003},
  volume        = {16},
  number        = {5-6},
  pages         = {561--568},
  __markedentry = {[Michael:]},
  publisher     = {Elsevier},
}

@InProceedings{nair2010,
  author        = {Nair, Vinod and Hinton, Geoffrey E},
  title         = {Rectified linear units improve restricted boltzmann machines},
  booktitle     = {Proceedings of the 27th international conference on machine learning (ICML-10)},
  year          = {2010},
  pages         = {807--814},
  __markedentry = {[Michael:6]},
}

@Comment{jabref-meta: databaseType:bibtex;}
